%% This BibTeX bibliography file was created using BibDesk.
%% http://bibdesk.sourceforge.net/


%% Created for Kristian Lum at 2017-10-06 14:49:23 -0700 


%% Saved with string encoding Unicode (UTF-8) 



@article{Mohler:2015aa,
	Author = {G. O. Mohler and M. B. Short and Sean Malinowski and Mark Johnson and G. E. Tita and Andrea L. Bertozzi and P. J. Brantingham},
	Date-Modified = {2017-10-06 21:49:20 +0000},
	Doi = {10.1080/01621459.2015.1077710},
	Eprint = {http://dx.doi.org/10.1080/01621459.2015.1077710},
	Journal = {Journal of the American Statistical Association},
	Number = {512},
	Pages = {1399-1411},
	Publisher = {Taylor & Francis},
	Title = {Randomized Controlled Field Trials of Predictive Policing},
	Url = {http://dx.doi.org/10.1080/01621459.2015.1077710},
	Volume = {110},
	Year = {2015},
	Bdsk-Url-1 = {http://dx.doi.org/10.1080/01621459.2015.1077710}}
